% Aufgabe A

@article{vergeer2013,
	AUTHOR = {Vergeer M.},
	YEAR = {2013},
	TITLE = {Politics, elections and online campaigning: Past, present ... and a peek into the future.},
	JOURNAL = {new media \& society},
	VOLUME = {15},
	NUMBER = {1},
	PAGES = {9--17}
},

@article{thiesse2006,
	AUTHOR = {Thiesse F.},
	YEAR = {2006},
	TITLE = {Integration von RFID in die betriebliche IT-Landschaft.},
	JOURNAL = {Wirtschaftsinformatik},
	VOLUME = {48},
	NUMBER = {3},
	PAGES = {178--187}
},

@article{lintu2009,
	AUTHOR = {Lintu, A. and, Steinel A.},
	YEAR = {2009},
	TITLE = {Visualisierung und Erweiterung astronomischer Daten.},
	JOURNAL = {Informatik-Spektrum},
	VOLUME = {32},
	NUMBER = {6},
	PAGES = {458--465}
},

@article{bockerman2013,
	AUTHOR = {Bockerman, I. and Dittert, N. and Schelhowe, H.},
	YEAR = 2013,
	TITLE = {Akademische Medienkompetenz: Ein Beispiel aus der universitären Lehre},
	JOURNAL = {FIfF Kommunikation},
	VOLUME = {30},
	NUMBER = {3},
	PAGES = {45--48}
},

@inproceedings{temdee2006,
	AUTHOR = {Temdee, P. and Thipakorn, B. and Sirinaovakul, B. and Schelhowe, H.},
	YEAR = {2006},
	TITLE = {Of Collaborative Learning Team: An Approach for Emergent Leadership Roles Identification by Using Social Network Analysis},
	EDITOR = {Pan, Z. and Aylett, R. and Diener, H. and Jin, X. and Göbel, S. and Li L.},
	BOOKTITLE = {Lecture Notes in Computer Science},
	VOLUME = {Band 3942},
	ADDRESS = {Hangzhou},
	ORGANIZATION = {First International Conference},
	PAGES = {745--754}
},

@misc{haas2006,
	AUTHOR = {Haas, P. and Holzinger, S.},
	YEAR = {2006},
	TITLE = {Weizenbaum: rebel at work},
	ADDRESS = {Wien},
	PUBLISHER = {Il Mare Film}
},

% Aufgabe B

@book{braune2006,
	AUTHOR = {Braune, K. and Lammarsch, J. and Lammarsch, M.},
	YEAR = {2006},
	TITLE = {LaTeX: Basissystem, Layout, Formelsatz},
	ADDRESS = {Berlin},
	PUBLISHER = {Springer-Verlag},
},

% Aufgabe C

@article{waters2007,
	AUTHOR = {Waters, N.},
	YEAR = {2007},
	TITLE = {Why You Can't Cite Wikpiedia in My Class},
	BOOKTITLE = {Communications of ACM},
	VOLUME = {50},
	ISSUE = {9},
	PAGES = {15--17}
},

@inproceedings{lucassen2010,
	AUTHOR = {Lucassen, T. and Schraagen, J. M.},
	YEAR = {2010},
	TITLE = {Trust in wikipedia: how users trust information from an unknown source},
	EDITOR = {WICOW '10},
	BOOKTITLE = {Proceedings of the 4th workshop on Information credibility},
	ADDRESS = {New York},
	ORGANIZATION = {AMC},
	PAGES = {19--26}
},

% Aufgabe D

@misc{greiner2013,
	AUTHOR = {Greiner, L. and Olbrisch, M.},
	YEAR = {2013},
	TITLE = {Studieren und Plagiieren: Sorry, hab abgeschrieben—war ein Versehen},
  HOWPUBLISHED = {http://spon.de/adUHN},
  NOTE = {Abruf: 17.10.2013 11:51 Uhr}
},

@article{wulff2008,
	AUTHOR = {Weber-Wulff, D.},
	YEAR = {2008},
	TITLE = {Wieso, im Internet ist doch alles frei? Copy \& Paste-Mentalität unter Lernden},
	BOOKTITLE = {UNESCO heute},
	VOLUME = {55},
	ISSUE = {1},
	PAGES = {56--58}
},

@article {schad2008,
	AUTHOR = {Schad, L.},
	YEAR = {2008},
	TITLE = {Nein zu Plagiaten!},
	BOOKTITLE = {Zeitschrift für Medizinische Physik},
	VOLUME = {18},
	ISSUE = {3},
	PAGES = {147}
}
